@PhdThesis{Urbaniak,
  author =	 {Urbaniak, Regina},
  title =	 {Decomposition of Generating Sets and of Integer
                  Programs},
  school =	 {Technische Universit{\"a}t Berlin},
  type =	 {Dissertation},
  year =	 1998
}

@MastersThesis{Koeppe,
  author =	 {K{\"o}ppe, Matthias},
  title =	 {Erzeugende {M}engen f{\"u}r gemischt-ganzzahlige
                  {P}rogramme},
  school =	 {Otto-{\penalty0}von-{\penalty0}Guericke-{\penalty0}Universit{\"a}t Magdeburg},
  year =	 1999,
  type =	 {Diploma thesis},
  note = {available from URL \url{http://www.math.ucdavis.edu/~mkoeppe/art/mkoeppe-diplom.ps}}
}

@Article{Haus+Koeppe+Weismantel,
  author = 	 {Haus, Utz-Uwe and K{\"o}ppe, Matthias and
                  Weismantel, Robert},
  title = 	 {A Primal All-Integer Algorithm Based on Irreducible Solutions},
  journal =      {Math. Programming, Series B},
  volume =       96,
  number =       2,
  pages =        {205--246},
  year =	 2003
}

@inproceedings{Hemmecke:2003,
	Author = {Raymond Hemmecke},
	Booktitle = {Mathematical Software, ICMS 2002},
	Editor = {Cohen, Arjeh M. and Gao, Xiao Shan and Takayama, Nobuki},
	Owner = {mkoeppe},
	Publisher = {World Scientific},
	Timestamp = {2012.12.20},
	Title = {On the computation of {H}ilbert bases of cones},
	Year = {2002}}

@BOOK{Sturmfels:03 ,
    author    = {Bernd Sturmfels},
    title     = "Algebraic recipes for integer programming",
    publisher = {arXiv:math.OC/0310194},
    year      = 2003,
}


@book{deloera-hemmecke-koeppe:book,
	Address = {Philadelphia, PA},
	Author = {De Loera, Jes{\'u}s A. and Hemmecke, Raymond and K{\"o}ppe, Matthias},
	Doi = {10.1137/1.9781611972443},
	Isbn = {978-1-61197-243-6},
	Owner = {mkoeppe},
	Pages = {xx+322},
	Publisher = {Society for Industrial and Applied Mathematics},
	Series = {MOS--SIAM Series on Optimization},
	Timestamp = {2012.12.20},
	Title = {Algebraic and Geometric Ideas in the Theory of Discrete Optimization},
	Year = 2013,
	Bdsk-Url-1 = {http://dx.doi.org/10.1137/1.9781611972443}}

